%!TEX root = index.tex

@ONLINE{uol-mercado-tic,
author = {Olhar Digital UOL},
title = {Mercado brasileiro de Tecnologia da Informacao cresce 11\% e ultrapassa US\$ 100 bilhoes},
day = {12},
month = may,
year = {2012},
url = {http://olhardigital.uol.com.br/noticia/mercado-brasileiro-de-tecnologia-da-informacao-cresce-11-e-ultrapassa-us-100-bilhoes/26172},
urldate = {2013-09-10}
}

@ONLINE{pib-brasil,
author = {Wikipedia Brasil},
title = {Evolucao do PIB do Brasil},
day = {11},
month = may,
year = {2013},
url={http://pt.wikipedia.org/wiki/Anexo:Evolu\%C3\%A7\%C3\%A3o_do_PIB_do_Brasil},
urldate = {2013-09-10}
}

@ONLINE{flex,
author = {Adobe Flex},
title = {Flex},
day = {1},
month = feb,
year = {2013},
url={http://www.adobe.com/products/flex.html},
urldate = {2013-09-15}
}

@ONLINE{glassfish,
author = {Oracle},
title = {GlassFish Server},
day = {22},
month = aug,
year = {2013},
url={https://glassfish.java.net/},
urldate = {2013-09-15}
}

@ONLINE{sql-server,
author = {Microsoft},
title = {SQL Server},
day = {1},
month = jan,
year = {2013},
url={http://www.microsoft.com/en-us/sqlserver/default.aspx},
urldate = {2013-09-15}
}

@ONLINE{hibernate,
author = {Hibernate},
title = {About Hibernate},
day = {1},
month = jan,
year = {2013},
url={http://www.hibernate.org/},
urldate = {2013-09-15}
}

@ONLINE{spring,
author = {Spring},
title = {Spring Framework},
day = {1},
month = jan,
year = {2013},
url={http://projects.spring.io/spring-framework/},
urldate = {2013-09-15}
}

@ONLINE{wiki-ioc,
author = {Wikipedia},
title = {Inversion de contr√¥le},
day = {18},
month = jul,
year = {2013},
url={http://fr.wikipedia.org/wiki/Inversion_de_contr%C3%B4le},
urldate = {2013-09-15}
}

